<?xml version="1.0" encoding="UTF-8"?><collection xmlns="http://www.loc.gov/MARC21/slim"><record><leader>00555nam--2200169-i-4500</leader><controlfield tag="001">000034474</controlfield><controlfield tag="002">20161230</controlfield><controlfield tag="005">20161230201040</controlfield><controlfield tag="008">060222s1000------------r-----000-0-eng-d</controlfield><datafield ind1=" " ind2=" " tag="040"><subfield code="a">IFIN-HH</subfield></datafield><datafield ind1=" " ind2=" " tag="080"><subfield code="a">539.172.3:621.384.64(043)</subfield></datafield><datafield ind1="1" ind2=" " tag="100"><subfield code="a">Nordell, Bo</subfield></datafield><datafield ind1="1" ind2="0" tag="245"><subfield code="a">Production of photoneutron beams and radionuclides by photonuclear reactions using a 5o mev racetrack microtron</subfield><subfield code="b">Dissertation</subfield><subfield code="c">Bo nordell</subfield></datafield><datafield ind1=" " ind2=" " tag="260"><subfield code="a">Sweden</subfield><subfield code="b">Department Of Radiation Physics</subfield><subfield code="c">1983</subfield></datafield><datafield ind1=" " ind2=" " tag="300"><subfield code="a">14P.+ 5 FIG</subfield></datafield><datafield ind1=" " ind2=" " tag="852"><subfield code="a">71563</subfield><subfield code="c">539.17</subfield></datafield><datafield ind1=" " ind2=" " tag="CAT"><subfield code="a">Sys</subfield><subfield code="c">20120621</subfield><subfield code="h">170113</subfield></datafield></record></collection>